@article{2012_ATLAS_Higgs,
	title = {Observation of a new particle in the search for the Standard Model Higgs boson with the ATLAS detector at the LHC},
	journal = {Physics Letters B},
	volume = {716},
	pages = {1-29},
	year = {2012},
	issn = {0370-2693},
	doi = {10.1016/j.physletb.2012.08.020},
	url = {https://www.sciencedirect.com/science/article/pii/S037026931200857X},
	collaboration = {ATLAS},
}

@article{2012_CMS_Higgs,
	title = {Observation of a new boson at a mass of 125 GeV with the CMS experiment at the LHC},
	journal = {Physics Letters B},
	volume = {716},
	number = {1},
	pages = {30-61},
	year = {2012},
	issn = {0370-2693},
	doi = {10.1016/j.physletb.2012.08.021},
	url = {https://www.sciencedirect.com/science/article/pii/S0370269312008581},
	collaboration = {CMS},
}

@article{2013_CMS_Higgs,
	title = {Observation of a new boson with mass near 125 GeV in pp collisions at {$\sqrt{s}=7 $} and 8 TeV},
	journal = {Journal of High Energy Physics},
	volume = {2013},
	number = {81},
	pages = {30-61},
	year = {2012},
	issn = {1029-8479},
	doi = {10.1007/JHEP06(2013)081},
	url = {https://doi.org/10.1007/JHEP06(2013)081},
	collaboration = {CMS},
}

@article{2018_ATLAS_ttH,
	title = {Observation of Higgs boson production in association with a top quark pair at the LHC with the ATLAS detector},
	journal = {Physics Letters B},
	volume = {784},
	pages = {173-191},
	year = {2018},
	issn = {0370-2693},
	doi = {10.1016/j.physletb.2018.07.035},
	url = {https://www.sciencedirect.com/science/article/pii/S0370269318305732},
	collaboration = {ATLAS},
}

@article{2018_CMS_ttH,
	title = {Observation of $t\overline{t}H$ Production},
	collaboration = {CMS},
	journal = {Phys. Rev. Lett.},
	volume = {120},
	issue = {23},
	pages = {231801},
	numpages = {17},
	year = {2018},
	month = {Jun},
	publisher = {American Physical Society},
	doi = {10.1103/PhysRevLett.120.231801},
	url = {https://link.aps.org/doi/10.1103/PhysRevLett.120.231801}
}

@article{2018_CMS_H_tautau,
	title = {Observation of the Higgs boson decay to a pair of $\ensuremath{\tau}$ leptons with the CMS detector},
	collaboration = {CMS},
	journal = {Physics Letters B},
	volume = {779},
	pages = {283-316},
	year = {2018},
	issn = {0370-2693},
	doi = {10.1016/j.physletb.2018.02.004},
	url = {https://www.sciencedirect.com/science/article/pii/S0370269318301035}
}

@article{2019_ATLAS_H_tautau,
	title = {Cross-section measurements of the Higgs boson decaying into a pair of $\ensuremath{\tau}$-leptons in proton-proton collisions at $\sqrt{s}=13\text{ }\text{ }\mathrm{TeV}$ with the ATLAS detector},
	collaboration = {ATLAS},
	journal = {Phys. Rev. D},
	volume = {99},
	issue = {7},
	pages = {072001},
	numpages = {39},
	year = {2019},
	month = {Apr},
	publisher = {American Physical Society},
	doi = {10.1103/PhysRevD.99.072001},
	url = {https://link.aps.org/doi/10.1103/PhysRevD.99.072001}
}

@article{2018_ATLAS_H_bb,
	title = {Observation of $H\rightarrow b\bar{b}$ decays and $VH$ production with the ATLAS detector},
	collaboration = {ATLAS},
	journal = {Physics Letters B},
	volume = {786},
	pages = {59-86},
	year = {2018},
	issn = {0370-2693},
	doi = {10.1016/j.physletb.2018.09.013},
	url = {https://www.sciencedirect.com/science/article/pii/S0370269318307056}
}

@article{2018_CMS_H_bb,
	title = {Observation of Higgs Boson Decay to Bottom Quarks},
	collaboration = {CMS},
	journal = {Phys. Rev. Lett.},
	volume = {121},
	pages = {121801},
	numpages = {20},
	year = {2018},
	issue = {12},
	month = {Sep},
	publisher = {American Physical Society},
	doi = {10.1103/PhysRevLett.121.121801},
	url = {https://link.aps.org/doi/10.1103/PhysRevLett.121.121801}
}

@article{2022_ATLAS_H_cc,
	title = {Direct constraint on the Higgs–charm coupling from a search for Higgs boson decays into charm quarks with the ATLAS detector},
	collaboration = {ATLAS},
	journal = {Eur. Phys. J. C},
	volume = {82},
	pages = {717},
	year = {2022},
	month = {Aug},
	issn = {8},
	doi = {10.1140/epjc/s10052-022-10588-3},
	url = {https://doi.org/10.1140/epjc/s10052-022-10588-3}
}

@article{2023_CMS_H_cc,
	title = {Search for Higgs Boson Decay to a Charm Quark-Antiquark Pair in Proton-Proton Collisions at $\sqrt{s}=13\text{ }\text{ }\mathrm{TeV}$},
	collaboration = {CMS},
	journal = {Phys. Rev. Lett.},
	volume = {131},
	pages = {061801},
	numpages = {21},
	year = {2023},
	issue = {6},
	month = {Aug},
	publisher = {American Physical Society},
	doi = {10.1103/PhysRevLett.131.061801},
	url = {https://link.aps.org/doi/10.1103/PhysRevLett.131.061801}
}

@article{2022_ATLAS_Higgs_10yrs,
	title = {A detailed map of Higgs boson interactions by the ATLAS experiment ten years after the discovery},
	collaboration = {ATLAS},
	journal = {Nature},
	volume = {607},
	pages = {52-59},
	issn = {1476-4687},
	doi = {10.1038/s41586-022-04893-w},
	year = {2022}
}

@article{2022_CMS_Higgs_10yrs,
	title = {A portrait of the Higgs boson by the CMS experiment ten years after the discovery},
	collaboration = {CMS},
	journal = {Nature},
	volume = {607},
	pages = {60-68},
	issn = {1476-4687},
	doi = {10.1038/s41586-022-04892-x},
	year = {2022}
}

@misc{CERN_report4,
	doi = {10.23731/CYRM-2017-002},
	url = {https://e-publishing.cern.ch/index.php/CYRM/issue/view/32},
	author = {{CERN}},
	language = {en},
	title = {CERN Yellow Reports: Monographs, Vol 2 (2017): Handbook of LHC Higgs cross sections: 4. Deciphering the nature of the Higgs sector},
	publisher = {CERN},
	year = {2017},
	copyright = {This work is licensed under a Creative Commons Attribution 4.0 International License.}
}

@article{2015_H_Mgamma_theory,
	title = {Exclusive radiative Higgs decays as probes of light-quark Yukawa couplings},
	author = {König, Matthias and Neubert, Matthias},
	journal = {Journal of High Energy Physics},
	volume = {2015},
	pages = {12},
	issn = {1029-8479},
	doi = {10.1007/JHEP08(2015)012},
	year = {2015},
	url = {https://doi.org/10.1007/JHEP08(2015)012}
}