@article{2012_ATLAS_Higgs,
	title = {Observation of a new particle in the search for the Standard Model Higgs boson with the ATLAS detector at the LHC},
	journal = {Physics Letters B},
	volume = {716},
	number = {1},
	pages = {1--29},
	year = {2012},
	issn = {0370-2693},
	doi = {https://doi.org/10.1016/j.physletb.2012.08.020},
	url = {https://www.sciencedirect.com/science/article/pii/S037026931200857X},
	collaboration = {ATLAS},
}